@article{Harlow:2019yfa,
    author = "Harlow, Daniel and Wu, Jie-Qiang",
    title = "{Covariant phase space with boundaries}",
    eprint = "1906.08616",
    archivePrefix = "arXiv",
    primaryClass = "hep-th",
    doi = "10.1007/JHEP10(2020)146",
    journal = "JHEP",
    volume = "10",
    pages = "146",
    year = "2020"
}

@book{Wald:1984rg,
    author = "Wald, Robert M.",
    title = "{General Relativity}",
    publisher = "Chicago University Press",
    address = "Chicago, U.S.A.",
    year = "1984"
}

@article{Iyer:1994ys,
    author = "Iyer, Vivek and Wald, Robert M.",
    title = "{Some properties of Noether charge and a proposal for dynamical black hole entropy}",
    eprint = "gr-qc/9403028",
    archivePrefix = "arXiv",
    doi = "10.1103/PhysRevD.50.846",
    journal = "Phys. Rev. D",
    volume = "50",
    pages = "846--864",
    year = "1994"
}

@incollection{Crnkovic:1986ex,
       author = {{Crnkovic}, C. and {Witten}, E.},
        title = "{Covariant description of canonical formalism in geometrical theories}",
    booktitle = {Three Hundred Years of Gravitation},
         year = 1987,
        editor = "Hawking, S. W. and Israel, W.",
        publisher      = {Cambridge University Press},
}

@book{compere2019advanced,
  title={Advanced lectures on general relativity},
  author={Comp{\`e}re, Geoffrey},
  series         = {Lecture Notes in Physics},
  year={2019},
  publisher={Springer Cham}
}

@unpublished{Gieres:2021ekc,
    author = "Gieres, Francois",
    title = "{Covariant canonical formulations of classical field theories}",
    eprint = "2109.07330",
    archivePrefix = "arXiv",
    primaryClass = "hep-th",
    month = "9",
    year = "2021"
}